@Manual{ControlR,
title = {Simulaci\'{o}n de control estad\'{i}stico de la calidad con lenguaje R},
author = {Erick Suhel Marroqu√≠n Escobar},
school = {UNIVERSIDAD DE SAN CARLOS DE GUATEMALA},
year = {2017}
}



@Manual{AyR,
    title = {Planesmuestra: Functions for Calculating Dodge Romig, MIL STD 105E and MIL STD
414 Acceptance Sampling Plan},
    author = {Erick Marroquin},
    year = {2016},
    note = {R package version 0.1},
    url = {https://CRAN.R-project.org/package=Planesmuestra},
  }

@Manual{R,
    title = {R: A Language and Environment for Statistical Computing},
    author = {{R Core Team}},
    organization = {R Foundation for Statistical Computing},
    address = {Vienna, Austria},
    year = {2017},
    url = {https://www.R-project.org/},
  }

@Book{L,
author = {Brett Lantz},
title = {Machine learning with R},
publisher = {Packt Publishing},
year = {2013},
OPTseries = {Community experience distilled},
OPTedition = {1}
}

@Article{A1,
author = {Mohammad Jafari Jozani and Sayed Jamal Mirkamali},
title = {Improved attribute acceptance sampling plans based on maxima nomination sampling},
journal = {Statistical Planning and Inference},
year = {2010}
}

@Book{EyH,
author = {Bradley Efron and Trevor Hastie},
title = {Computer age statistical inference. Algorithms, Evidence, and Data Science},
publisher = {Cambridge},
year = {2017}
}

@Book{A0,
author = {Nicholas Squeglia},
title = {Zero Acceptance Number Sampling Plans},
publisher = {American Society for Quality},
year = {2008}
}