@Book{L,
author = {Brett Lantz},
title = {Machine learning with R},
publisher = {Packt Publishing},
year = {2013},
OPTseries = {Community experience distilled},
OPTedition = {1}
}



