@Book{L,
author = {Brett Lantz},
title = {Machine learning with R},
publisher = {Packt Publishing},
year = {2013},
OPTseries = {Community experience distilled},
OPTedition = {1}
}

@Article{A1,
author = {Mohammad Jafari Jozani and Sayed Jamal Mirkamali},
title = {Improved attribute acceptance sampling plans based on maxima nomination sampling},
journal = {Statistical Planning and Inference},
year = {2010}
}

@Book{EyH,
author = {Bradley Efron and Trevor Hastie},
title = {Computer age statistical inference. Algorithms, Evidence, and Data Science},
publisher = {Cambridge},
year = {2017}
}

